% Encoding: UTF-8

@Misc{genetic_code,
  author        = {Mouagip},
  title         = {{{Aminoacids table.svg}}},
  year          = {2021},
  note          = {source: \url{https://commons.wikimedia.org/wiki/File:Aminoacids_table.svg}},
  __markedentry = {[tarja:6]},
}

@Comment{jabref-meta: databaseType:bibtex;}
